%------ AIDS Bib -------

%% Sources from IEEE
@inproceedings{Mirlekar2022,
  author    = {Swati Mirlekar and Komal Prasad Kanojia},
  title     = {A Comprehensive Study on Machine Learning Algorithms for Intrusion Detection System},
  booktitle = {2022 10th IEEE International Conference on Emerging Trends in Engineering \& Technology - Signal and Information Processing (ICETET-SIP)},
  year      = {2022},
  month     = {October},
  pages     = {1--9},
  doi       = {10.1109/ICETET-SIP254415.2022.9791586},
  publisher = {IEEE},
  address   = {Nagpur, India},
}

@inproceedings{Meena2021,
  author    = {Abhishek Meena and Deepanshu Nigam and Deepesh Sharma and Anamika Chauhan},
  title     = {Anomaly-Based Intrusion Detection for IoT: A Deep Learning Approach},
  booktitle = {2021 3rd International Conference on Advances in Computing, Communication Control and Networking (ICACCCN)},
  year      = {2021},
  month     = {December},
  pages     = {1349--1356},
  publisher = {IEEE},
  doi       = {10.1109/ICACCCN53548.2021.9725494},
  address   = {Delhi, India},
}

@article{vinayakumar2019deep,
  title = {Deep Learning Approach for Intelligent Intrusion Detection System},
  author = {Vinayakumar, R. and Alazab, Mamoun and Soman, K. P. and Poornachandran, Prabaharan and Al-Nemrat, Ameer and Venkatraman, Sitalakshmi},
  journal = {IEEE Access},
  volume = {7},
  pages = {41525--41550},
  year = {2019},
  publisher = {IEEE},
  doi = {10.1109/ACCESS.2019.2895334},
  abstract = {This paper proposes a deep learning-based intrusion detection system using a deep neural network (DNN) to enhance the detection and classification of cyberattacks at both the network and host levels.},
  keywords = {Cyber security, intrusion detection, machine learning, deep learning, neural networks},
  url = {https://doi.org/10.1109/ACCESS.2019.2895334}
}

@article{Gutierrez2023,
  author = {Gutierrez-Portela, Fernando and Arteaga-Arteaga, Harold Brayan and Almenares Mendoza, Florina and Calderón-Benavides, Liliana and Acosta-Mesa, Héctor-Gabriel and Tabares-Soto, Reinel},
  title = {Enhancing Intrusion Detection in IoT Communications Through ML Model Generalization With a New Dataset (IDSAI)},
  journal = {IEEE Access},
  volume = {11},
  pages = {70542-70559},
  year = {2023},
  publisher = {IEEE},
  doi = {10.1109/ACCESS.2023.3292267},
  url = {https://doi.org/10.1109/ACCESS.2023.3292267}
}

@inproceedings{Islam2023,
  author = {Md. Tohidul Islam and Md. Khalid Syfullah and Jabbarul Islam and H.M. Sazzad Quadir and Md. Golam Rashed and Dipankar Das},
  title = {Exploring the Potential: ML vs. DL in Network Security with Explainable AI (XAI) Insights},
  booktitle = {2023 26th International Conference on Computer and Information Technology (ICCIT)},
  year = {2023},
  month = {December},
  pages = {1--6},
  publisher = {IEEE},
  address = {Cox's Bazar, Bangladesh},
  doi = {10.1109/ICCIT60459.2023.10441363},
  url = {https://doi.org/10.1109/ICCIT60459.2023.10441363}
}

@inproceedings{Varshney2021,
  author    = {Sumit Varshney and Shikha and Shefali Singhi and Bharti Sharma},
  title     = {Intelligent Intrusion Detection System Using Deep Learning Models},
  booktitle = {Proceedings of the Fifth International Conference on Trends in Electronics and Informatics (ICOEI)},
  year      = {2021},
  month     = {May},
  pages     = {787--793},
  publisher = {IEEE},
  doi       = {10.1109/ICOEI51242.2021.9452880},
  address   = {Kurukshetra, Haryana, India},
}

@article{Sadia2024,
  author    = {Halima Sadia and Saima Farhan and Yasin Ul Haq and Rabia Sana and Tariq Mahmood and Saeed Ali Omer Bahaj and Amjad Rehman Khan},
  title     = {Intrusion Detection System for Wireless Sensor Networks: A Machine Learning Based Approach},
  journal   = {IEEE Access},
  volume    = {12},
  pages     = {52565--52582},
  year      = {2024},
  doi       = {10.1109/ACCESS.2024.3380014},
  publisher = {IEEE},
  address   = {Piscataway, NJ, USA},
  keywords  = {Wireless Sensor Networks, Network Intrusion Detection Systems, Machine Learning, Convolutional Neural Networks, Anomaly Detection},
  abstract  = {This study introduces a sophisticated Network Intrusion Detection System (NIDS) to safeguard Wi-Fi-based Wireless Sensor Networks (WSNs) from cyber threats using a CNN-based approach, enhancing detection accuracy to 97\% with reduced false alarm rates.}
}

@inproceedings{Amanoul2021,
  author    = {Sandy Victor Amanoul and Adnan Mohsin Abdulazeez and Diyar Qader Zeebaree and Falah Y. H. Ahmed},
  title     = {Intrusion Detection Systems Based on Machine Learning Algorithms},
  booktitle = {2021 IEEE International Conference on Automatic Control and Intelligent Systems (I2CACIS)},
  year      = {2021},
  month     = {June},
  pages     = {282--287},
  publisher = {IEEE},
  doi       = {10.1109/I2CACIS52118.2021.9495897},
  address   = {Shah Alam, Malaysia},
}

@inproceedings{Rele2023,
  author    = {Mayur Rele and Dipti Patil},
  title     = {Intrusive Detection Techniques Utilizing Machine Learning, Deep Learning, and Anomaly-based Approaches},
  booktitle = {2023 IEEE International Conference on Cryptography, Informatics, and Cybersecurity (ICoCICs)},
  year      = {2023},
  month     = {November},
  pages     = {88--93},
  publisher = {IEEE},
  doi       = {10.1109/ICoCICs58778.2023.10276955},
  address   = {Princeton, NJ, USA},
}

@article{Jayalaxmi2022,
  author    = {P. L. S. Jayalaxmi and Rahul Saha and Gulshan Kumar and Mauro Conti and Tai-Hoon Kim},
  title     = {Machine and Deep Learning Solutions for Intrusion Detection and Prevention in IoTs: A Survey},
  journal   = {IEEE Access},
  volume    = {10},
  pages     = {121173--121190},
  year      = {2022},
  publisher = {IEEE},
  doi       = {10.1109/ACCESS.2022.3220622},
  note      = {Received 14 October 2022, accepted 30 October 2022, published 7 November 2022},
}

@inproceedings{Dandaras2023,
  author    = {Antonios Dandaras and Boyarshyn Igor and Jos{\'e} Borges and Nikolaos Doukas},
  title     = {Machine Learning Applications for Network Intrusion Detection Systems},
  booktitle = {The 13th IEEE International Conference on Dependable Systems, Services and Technologies (DESSERT'2023)},
  year      = {2023},
  month     = {October},
  pages     = {1--7},
  publisher = {IEEE},
  address   = {Athens, Greece},
  doi       = {10.1109/DESSERT61349.2023.10416513},
}

@article{macas2020review,
  title={Review: Deep Learning Methods for Cybersecurity and Intrusion Detection Systems},
  author={Macas, Mayra and Wu, Chunming},
  journal={IEEE Access},
  volume={5},
  pages={21954--21961},
  year={2020},
  publisher={IEEE}
}

@article{Ghadermazi2024,
  title        = {Towards Real-time Network Intrusion Detection with Image-based Sequential Packets Representation},
  author       = {Jalal Ghadermazi and Ankit Shah and Nathaniel D. Bastian},
  journal      = {IEEE Transactions on Big Data},
  year         = {2024},
  doi          = {10.1109/TBDATA.2024.3403394},
  abstract     = {This paper proposes a novel AI-enabled methodological framework for packet-based network intrusion detection systems (NIDS) that incorporates both header and payload data while considering the temporal connections among packets. By transforming sequential packets into 2D images and developing a CNN-based intrusion detection model, the study achieves detection rates between 97.7% and 99% across different attack types.},
  keywords     = {Network intrusion detection, packet-based NIDS, AI, CNN, sequential packets, big data analysis, adversarial resilience},
  publisher    = {IEEE}
}


%% Sources from Elsevier
@article{Roshan2024,
  author = {Khushnaseeb Roshan and Aasim Zafar},
  title = {Boosting robustness of network intrusion detection systems: A novel two phase defense strategy against untargeted white-box optimization adversarial attack},
  journal = {Expert Systems With Applications},
  volume = {249},
  pages = {123567},
  year = {2024},
  doi = {10.1016/j.eswa.2024.123567},
  publisher = {Elsevier},
  note = {Available online 24 February 2024},
}

@article{Chen2024,
  title={Machine learning-enabled hybrid intrusion detection system with host data transformation and an advanced two-stage classifier},
  author={Zhiyan Chen and Murat Simsek and Burak Kantarci and Mehran Bagheri and Petar Djukic},
  journal={Computer Networks},
  volume={250},
  pages={110576},
  year={2024},
  publisher={Elsevier},
  doi={10.1016/j.comnet.2024.110576}
}

@article{Sowmya2023,
  author    = {T. Sowmya and E. A. Mary Anita},
  title     = {A comprehensive review of AI based intrusion detection system},
  journal   = {Measurement: Sensors},
  volume    = {28},
  pages     = {100827},
  year      = {2023},
  month     = {June},
  doi       = {10.1016/j.measen.2023.100827},
  url       = {https://doi.org/10.1016/j.measen.2023.100827},
  publisher = {Elsevier Ltd.},
  note      = {Open access under CC BY-NC-ND license},
}

%% Sources from MDPI
@article{aljuaid2024deep,
  title={A Deep Learning Approach for Intrusion Detection Systems in Cloud Computing Environments},
  author={Aljuaid, Wa’ad H. and Alshamrani, Sultan S.},
  journal={Applied Sciences},
  volume={14},
  number={5381},
  year={2024},
  doi={10.3390/app14135381},
  publisher={MDPI},
  url={https://www.mdpi.com/2076-3417/14/13/5381},
  note={Accessed through Creative Commons Attribution License.}
}

@article{Wang2023,
  title={On the Robustness of ML-Based Network Intrusion Detection Systems: An Adversarial and Distribution Shift Perspective},
  author={Wang, Minxiao and Yang, Ning and Gunasinghe, Dulaj H and Weng, Ning},
  journal={Computers},
  volume={12},
  number={10},
  pages={209},
  year={2023},
  publisher={MDPI},
  doi={10.3390/computers12100209}
}

@article{Mohammad2024,
  title={Enhancing Intrusion Detection Systems Using a Deep Learning and Data Augmentation Approach},
  author={Mohammad, Rasheed and Saeed, Faisal and Almazroi, Abdulwahab Ali and Alsubaei, Faisal S. and Almazroi, Abdulaleem Ali},
  journal={Systems},
  volume={12},
  number={3},
  pages={79},
  year={2024},
  publisher={MDPI},
  doi={10.3390/systems12030079},
  url={https://www.mdpi.com/article/10.3390/systems12030079}
}

@article{Alotaibi2023AML,
  author    = {Afnan Alotaibi and Murad A. Rassam},
  title     = {Adversarial Machine Learning Attacks against Intrusion Detection Systems: A Survey on Strategies and Defense},
  journal   = {Future Internet},
  volume    = {15},
  number    = {2},
  pages     = {62},
  year      = {2023},
  doi       = {10.3390/fi15020062},
  url       = {https://www.mdpi.com/article/10.3390/fi15020062},
  publisher = {MDPI},
  note      = {Accessed via Future Internet journal, February 2023},
}
